@article{moreira2017volatility,
  title={Volatility-managed portfolios},
  author={Moreira, Alan and Muir, Tyler},
  journal={Journal of Finance},
  volume={72},
  number={4},
  pages={1611--1644},
  year={2017},
  publisher={Wiley Online Library}
}
